<record><leader>00000cas a2200000 a 4500</leader><controlfield tag="001">10684041</controlfield><controlfield tag="008">840502c198u9999ilumn ne      0   a0eng c</controlfield><datafield ind1=" " ind2=" " tag="010"><subfield code="a">sn 84005232 </subfield></datafield><datafield ind1=" " ind2=" " tag="040"><subfield code="a">NSD</subfield><subfield code="b">eng</subfield><subfield code="c">NSD</subfield><subfield code="d">CVF</subfield><subfield code="d">CUS</subfield><subfield code="d">OCLCQ</subfield><subfield code="d">OCLCF</subfield></datafield><datafield ind1=" " ind2=" " tag="012"><subfield code="m">y</subfield></datafield><datafield ind1="1" ind2=" " tag="022"><subfield code="a">0747-2595</subfield><subfield code="l">0747-2595</subfield><subfield code="y">0279-7887</subfield><subfield code="2">1</subfield></datafield><datafield ind1="1" ind2=" " tag="029"><subfield code="a">AU@</subfield><subfield code="b">000020429539</subfield></datafield><datafield ind1=" " ind2=" " tag="032"><subfield code="a">575130</subfield><subfield code="b">USPS</subfield></datafield><datafield ind1=" " ind2=" " tag="037"><subfield code="b">Circulation Dept., Mount Prospect Times, 1000 Executive Way, Des Plaines, IL 60018</subfield></datafield><datafield ind1=" " ind2=" " tag="042"><subfield code="a">nsdp</subfield><subfield code="a">pcc</subfield></datafield><datafield ind1=" " ind2=" " tag="043"><subfield code="a">n-us-il</subfield></datafield><datafield ind1=" " ind2="0" tag="222"><subfield code="a">Mount Prospect times</subfield></datafield><datafield ind1="0" ind2="0" tag="245"><subfield code="a">Mount Prospect times.</subfield></datafield><datafield ind1="3" ind2="0" tag="246"><subfield code="a">Mt. Prospect times</subfield></datafield><datafield ind1=" " ind2=" " tag="260"><subfield code="a">Mt. Prospect, IL :</subfield><subfield code="b">Des Plaines Pub. Co.</subfield></datafield><datafield ind1=" " ind2=" " tag="310"><subfield code="a">Monthly (except Jan.)</subfield></datafield><datafield ind1=" " ind2=" " tag="588"><subfield code="a">Description based on: Vol. 3, no. 5 (Thursday, Apr. 19, 1984).</subfield></datafield><datafield ind1=" " ind2="0" tag="651"><subfield code="a">Mount Prospect (Ill.)</subfield><subfield code="v">Newspapers.</subfield></datafield><datafield ind1=" " ind2="7" tag="655"><subfield code="a">Newspapers.</subfield><subfield code="2">fast</subfield><subfield code="0">(OCoLC)fst01423814</subfield></datafield><datafield ind1=" " ind2="7" tag="651"><subfield code="a">Illinois</subfield><subfield code="z">Mount Prospect.</subfield><subfield code="2">fast</subfield><subfield code="0">(OCoLC)fst01204259</subfield></datafield><datafield ind1=" " ind2=" " tag="752"><subfield code="a">United States</subfield><subfield code="b">Illinois</subfield><subfield code="c">Cook</subfield><subfield code="d">Mount Prospect.</subfield></datafield><datafield ind1="0" ind2="8" tag="776"><subfield code="i">Online version:</subfield><subfield code="t">Mount Prospect times (Online)</subfield><subfield code="w">(DLC)sn 84005232</subfield><subfield code="w">(OCoLC)233142137</subfield></datafield><datafield ind1="0" ind2="0" tag="780"><subfield code="t">Suburban (Mt. Prospect, Ill.)</subfield><subfield code="x">0279-7887</subfield></datafield><datafield ind1=" " ind2=" " tag="936"><subfield code="a">Apr. 19, 1984</subfield></datafield></record>